<?xml version="1.0" encoding="UTF-8"?><record xmlns="http://www.loc.gov/MARC21/slim" xmlns:cinclude="http://apache.org/cocoon/include/1.0" xmlns:zs="http://www.loc.gov/zing/srw/">
  <leader>00827cz  a2200217n  4500</leader>
  <controlfield tag="001">n  96088585 </controlfield>
  <controlfield tag="003">DLC</controlfield>
  <controlfield tag="005">20130312092509.0</controlfield>
  <controlfield tag="008">960912n| acannaabn          |a aaa      </controlfield>
  <datafield tag="010" ind1=" " ind2=" ">
    <subfield code="a">n  96088585 </subfield>
  </datafield>
  <datafield tag="035" ind1=" " ind2=" ">
    <subfield code="a">(OCoLC)oca04160325</subfield>
  </datafield>
  <datafield tag="040" ind1=" " ind2=" ">
    <subfield code="a">DLC</subfield>
    <subfield code="b">eng</subfield>
    <subfield code="c">DLC</subfield>
    <subfield code="d">DLC</subfield>
    <subfield code="d">OCoLC</subfield>
    <subfield code="d">DLC</subfield>
  </datafield>
  <datafield tag="046" ind1=" " ind2=" ">
    <subfield code="g">1967</subfield>
  </datafield>
  <datafield tag="053" ind1=" " ind2="0">
    <subfield code="a">PS3561.I477</subfield>
  </datafield>
  <datafield tag="100" ind1="1" ind2=" ">
    <subfield code="a">King, I. C.</subfield>
    <subfield code="q">(Inslee C.),</subfield>
    <subfield code="c">Mrs.,</subfield>
    <subfield code="d">-1967</subfield>
  </datafield>
  <datafield tag="378" ind1=" " ind2=" ">
    <subfield code="q">Inslee C.</subfield>
  </datafield>
  <datafield tag="400" ind1="1" ind2=" ">
    <subfield code="a">Jones, Annie,</subfield>
    <subfield code="d">-1967</subfield>
  </datafield>
  <datafield tag="400" ind1="1" ind2=" ">
    <subfield code="a">King, Annie Jones,</subfield>
    <subfield code="d">-1967</subfield>
  </datafield>
  <datafield tag="400" ind1="1" ind2=" ">
    <subfield code="w">nnea</subfield>
    <subfield code="a">King, I. C.</subfield>
    <subfield code="q">(Inslee C.),</subfield>
    <subfield code="c">Mrs.,</subfield>
    <subfield code="d">d. 1967</subfield>
  </datafield>
  <datafield tag="667" ind1=" " ind2=" ">
    <subfield code="a">THIS 1XX FIELD CANNOT BE USED UNDER RDA UNTIL THIS RECORD HAS BEEN REVIEWED AND/OR UPDATED</subfield>
  </datafield>
  <datafield tag="670" ind1=" " ind2=" ">
    <subfield code="a">Gifts from Mama King, 1996:</subfield>
    <subfield code="b">t.p. (Mrs. I.C. King, Sr.) p. 55 (Mrs. Inslee C. King, Sr.; b. Annie Jones; d. 4-10-1967; was in her 80's) p. facing t.p. (Annie Jones King)</subfield>
  </datafield>
</record>